@article{coqinahurry,
	author        = {Yves Bertot},
	title         = {Coq in a Hurry},
	journal       = {CoRR},
	volume        = {abs/cs/0603118},
	year          = {2006},
	pages         = {49},
	url           = {http://arxiv.org/abs/cs/0603118},
	archivePrefix = {arXiv},
	eprint        = {cs/0603118},
	timestamp     = {Mon, 13 Aug 2018 16:48:09 +0200},
	biburl        = {https://dblp.org/rec/journals/corr/abs-cs-0603118.bib},
	bibsource     = {dblp computer science bibliography, https://dblp.org},
	language      = {american}
}
@misc{coqinria,
	author       = {INRIA},
	title        = {The Coq Proof Assistant},
	howpublished = {Dispon√≠vel em \url{https://coq.inria.fr/}},
	note         = {Acessado em 2020},
	language     = {american}
}
